@book{bergman2011,
  title={Fundamentals of Heat and Mass Transfer, 7th Edition},
  author={Bergman, T.L. and Lavine, A.S. and Incropera, F.P.},
  isbn={9781118137253},
  url={https://books.google.com/books?id=5cgbAAAAQBAJ},
  year={2011},
  publisher={John Wiley \& Sons, Incorporated}
}
@misc{teardown,
  title = {Official iPad Mini Teardown},
  publisher= {iCracked.com},
  howpublished = {\url{https://youtu.be/e565I-Z7--8}},
  note = {Accessed: 2016-02-14}
}
@misc{specs,
  title = {iPad mini - Technical Specifications},
  publisher= {Apple Inc.},
  howpublished = {\url{https://support.apple.com/kb/SP661?locale=en_US}},
  note = {Accessed: 2016-02-14}
}
@misc{forum,
  title = {iPad mini battery life very poor},
  publisher= {Apple Inc.},
  howpublished = {\url{https://discussions.apple.com/thread/4666990?start=0}},
  note = {Accessed: 2016-02-14}
}
@article{kamland2011,
  title={Partial radiogenic heat model for Earth revealed by geoneutrino measurements},
  author={KamLAND Collaboration and others},
  journal={Nature Geoscience},
  volume={4},
  number={9},
  pages={647--651},
  year={2011},
  publisher={Nature Publishing Group}
}
@article{goode2001,
  title={Earthshine observations of the Earth's reflectance},
  author={Goode, PR and Qiu, J and Yurchyshyn, V and Hickey, J and Chu, M-C and Kolbe, E and Brown, CT and Koonin, SE},
  journal={Geophysical Research Letters},
  volume={28},
  number={9},
  pages={1671--1674},
  year={2001},
  publisher={American Geophysical Union}
}
@article{jones1999,
  title={Surface air temperature and its changes over the past 150 years},
  author={Jones, Phil D and New, Mark and Parker, David E and Martin, Seelye and Rigor, Ignatius G},
  journal={Reviews of Geophysics},
  volume={37},
  number={2},
  pages={173--199},
  year={1999},
  publisher={Wiley Online Library}
}